3325 5450
638 699 641 702 ¹
706 614 730 685 3

163 800 201 861 de
218 798 320 860 mundi
337 806 405 859 ortu
422 807 453 859 et
468 758 625 879 sapientire
642 795 776 857 creatrici
792 796 890 857 dehita
908 797 1027 881 egregie
1045 799 1206 861 constantia
1219 820 1270 861 co·

163 923 286 1005 phasse,
302 922 355 983 hos
372 922 477 1002 quihus
493 920 538 981 sol
550 920 606 981 iam
621 940 683 981 non
696 920 818 1001 amplius
830 920 994 1002 symbolum
1008 922 1073 983 Reli
1086 922 1206 985 minoris
1219 924 1270 984 scd

161 1047 225 1125 ipse
241 1046 313 1105 deus
331 1056 393 1105 emt
409 1045 446 1105 de
463 1044 590 1120 eiusdem
609 1043 779 1104 conditione
796 1043 938 1105 hodierna
955 1044 1110 1105 admodum
1134 1066 1222 1127 prava
1239 1058 1270 1109 ct

162 1167 371 1228 mutationibus
390 1168 536 1230 continuis
553 1188 622 1229 mox
638 1168 674 1227 ad
692 1166 875 1247 quaestiones
890 1167 996 1229 ethicus
1010 1168 1170 1231 accuratius
1184 1190 1269 1231 excu-

160 1291 273 1351 tiendas
287 1311 337 1353 eos
352 1291 489 1380 delaturis
502 1291 720 1372 philosophatos
733 1312 797 1351 esse
806 1302 930 1353 constet
952 1275 954 1281 '
967 1293 1165 1353 Veruntamen
1179 1312 1269 1373 quem

160 1413 267 1475 tumvis
284 1414 386 1473 mundi
402 1413 614 1473 vicissitudines
632 1424 663 1473 et
674 1434 829 1474 aerumnae
842 1414 1039 1477 vehementius
1052 1435 1102 1475 eos
1116 1415 1204 1477 altera
1218 1414 1269 1477 (le-

159 1558 241 1595 mum
262 1537 386 1616 periodo
410 1535 561 1597 effecerint
582 1556 656 1618 quae
676 1537 803 1597 arctiore
823 1559 889 1598 cum
907 1537 1023 1618 populis
1041 1537 1269 1620 Mesopotamiae

160 1660 339 1740 Isphctiticis
361 1660 501 1721 societate
521 1658 594 1717 inita
610 1660 741 1738 coepisse
758 1680 820 1719 non
837 1659 900 1719 sine
917 1658 1034 1719 illorum
1051 1669 1082 1719 et
1098 1658 1270 1719 auctoritate

160 1792 191 1841 et
203 1780 336 1861 exemplo
348 1780 465 1841 videtur
477 1781 539 1858 (res
552 1790 584 1840 et
595 1779 762 1841 nominihus
776 1781 897 1869 deorum
911 1781 1108 1843 recentiorum
1122 1802 1184 1843 non
1201 1802 1268 1843 raro

160 1925 177 1963 e
197 1903 304 1986 linguis
324 1903 574 1986 Indogcrmsnicis
594 1903 694 1984 petitis
715 1915 745 1963 et
762 1903 907 1965 Macrobii
925 1905 1095 1965 testimonio
1119 1905 1179 1965 Set.
1194 1906 1267 1981 Ltt

158 2026 300 2108 probetur
317 2047 412 2107 neque
429 2047 445 2085 a
462 2026 669 2107 philosophicis
687 2026 847 2087 rationibus
867 2026 1018 2104 abhorret,
1042 2048 1108 2088 nrm
1132 2028 1269 2108 quoniam

160 2169 214 2208 nos
228 2169 286 2228 quo
299 2150 380 2227 prius
398 2148 551 2211 ussvcritstc
569 2149 782 2209 deflecterimus
798 2170 835 2209 eo
853 2150 933 2228 prius
952 2149 1059 2209 erroris
1076 2150 1204 2210 taedium
1222 2170 1290 2219 ca-,

157 2271 212 2352 pit,
229 2270 354 2331 Semitas
371 2290 490 2331 neccsse
506 2282 552 2331 cst
566 2270 682 2351 populis
694 2271 797 2332 vicinis
809 2270 901 2331 serius
914 2271 950 2331 ud
964 2273 1202 2355 cognoscendum
1215 2292 1269 2354 pc-

158 2394 249 2455 nitius
260 2393 393 2453 dolorem
404 2392 554 2453 emersisse
566 2412 628 2472 quo
639 2392 749 2476 fragilis
761 2415 860 2455 rernm
875 2406 976 2453 natura
986 2407 1130 2475 perpetuo
1143 2382 1269 2479 ungitur,

158 2516 249 2576 serius
265 2515 301 2575 ad
318 2515 406 2595 ipsius
424 2516 641 2596 peccaminosae
659 2527 776 2577 nostrae
798 2518 875 2578 vitae
898 2518 1073 2579 moestitiam
1097 2518 1268 2601 profundius

159 2638 372 2713 exantlandam)
385 2639 569 2717 quantumvis
581 2638 699 2717 inquom
711 2639 782 2698 haec
795 2640 835 2699 ita
854 2640 921 2713 sint,
938 2640 1002 2699 fieri
1014 2650 1115 2700 tamen
1133 2662 1194 2701 non
1214 2662 1268 2721 po-

160 2773 236 2822 terat
254 2760 325 2840 quin
344 2761 400 2820 ium
418 2770 503 2820 antea
518 2760 623 2820 mortis
640 2760 774 2840 vitaeque
790 2783 890 2845 pugna
907 2763 937 2824 in
956 2773 1164 2844 saturnusque
1184 2785 1269 2826 reue·

160 2905 242 2944 scens
255 2882 471 2964 quodammodo
484 2893 695 2960 eorummet,
714 2884 793 2945 cuius
811 2905 927 2970 pugnae
945 2906 1061 2947 sensmn
1079 2907 1140 2948 non
1157 2907 1215 2948 una
1227 2887 1269 2948 lr-

158 3007 227 3068 bula
240 3007 362 3068 deorum
377 2997 623 3083 κοσμογονικῶν
634 3008 767 3086 personis
776 3008 951 3072 adhaerente
963 3021 1173 3092 expresserunt.
1202 3011 1269 3072 Huc

158 3129 289 3210 pertinet
305 3127 372 3188 Beli
388 3126 510 3188 minoris
530 3127 599 3186 idco
616 3129 771 3190 Maceridis
789 3132 877 3195 titulo
896 3134 992 3196 ornati
1013 3155 1078 3194 cum
1098 3153 1170 3195 sene
1185 3145 1268 3215 patre

159 3251 304 3334 iurgium,
320 3250 377 3311 huc
390 3249 519 3310 eiusdem
532 3250 609 3330 apud
622 3251 730 3331 Tyrios
743 3254 899 3330 quotannis
914 3254 1034 3337 inrogo
1048 3254 1186 3316 crematio
1200 3275 1269 3318 evo-

160 3375 238 3434 lente
255 3383 354 3433 tamen
371 3392 388 3432 e
404 3371 527 3432 flammis
544 3372 640 3451 aquila
658 3372 752 3450 (unde
768 3385 834 3434 orta
854 3375 1005 3455 phoenicis
1028 3374 1123 3436 lehula·
1142 3377 1271 3442 Bochart

160 3496 270 3556 hieroz.
285 3495 390 3572 VL5),
407 3494 464 3555 huc
477 3515 550 3574 quae
564 3495 600 3555 de
612 3507 705 3556 matre
718 3496 840 3558 deorum
856 3497 968 3560 Iolanm
981 3519 1082 3560 rmore
1095 3511 1270 3580 prosequuta

160 3619 197 3679 ah
211 3619 268 3678 hoc
281 3630 377 3678 autem
392 3618 542 3698 repudiata
556 3630 711 3680 narrantur
723 3621 843 3699 (quihus
856 3622 1012 3700 pulchrum
1023 3621 1124 3681 mundi
1137 3623 1270 3684 ordinem

162 3738 309 3799 interdum
322 3759 339 3797 s
350 3739 445 3819 prisce
458 3739 568 3800 chrotis
582 3740 629 3800 vix
641 3742 852 3821 compescenda
865 3743 894 3803 vi
907 3742 1028 3824 infringi
1045 3742 1270 3826 significabant).'

160 3863 270 3922 Verum
286 3861 395 3922 sensim
411 3859 557 3923 dilabente
575 3863 726 3922 numinum
744 3865 908 3943 priscorum
925 3865 1133 3942 veneratione,
1154 3867 1222 3928 tulis
1238 3879 1271 3932 ut

161 3985 223 4064 ipsa
236 3984 418 4044 consentium
432 3985 552 4043 nomine
563 3985 600 4044 sd
613 3985 683 4044 deos
696 3988 876 4046 recentiores
894 3988 1150 4049 trrmlerehontur.
1190 3990 1272 4052 Deo·

163 4129 227 4166 rum
239 4107 424 4168 consentium
432 4105 671 4168 monstrabantur
679 4107 839 4187 sepulchra,
853 4108 1001 4178 Belitrnnc
1012 4108 1164 4191 Babylone
1175 4111 1270 4176 strat

165 4227 279 4300 XVLt:
296 4229 361 4290 nst.
375 4252 403 4290 v.
417 4229 445 4288 h.
459 4229 568 4304 xnus
587 4263 631 4278 -·-
644 4228 710 4290 Beli
726 4230 852 4290 minoris
868 4231 899 4292 'm
915 4232 1055 4318 Hispania
1071 4232 1131 4294 sat.
1146 4236 1211 4319 lug.
1229 4249 1270 4298 t&

165 4348 241 4409 Mela
259 4349 316 4423 Ill,
330 4357 361 4409 6:
386 4350 500 4412 hrnoh.
518 4352 592 4426 Lod
617 4351 663 4412 vel
681 4353 754 4433 Tyri
773 4353 867 4414 Clem.
884 4355 972 4416 Rom.
989 4375 1110 4438 recogn.
1128 4360 1165 4435 x,
1177 4359 1214 4421 rt
1231 4395 1271 4412 ι-

165 4472 296 4534 Astartm
313 4471 447 4532 Damasci
463 4473 565 4536 lustin.
584 4475 750 4551 XXXVM
768 4476 816 4538 vel
834 4475 1011 4562 Carthagine
1029 4481 1083 4544 Sil.
1102 4483 1192 4560 l‚80:
1215 4503 1272 4546 unt

1026 4589 1070 4652 μ
